@STRING{ acrysa = "Acta Crystallogr. Sect. A"}
@STRING{ acrysb = "Acta Crystallogr. Sect. B"}
@STRING{ acrysc = "Acta Crystallogr. Sect. C"}
@STRING{ adm = "Adv. Mater." }
@STRING{ adp = "Adv. Phys." }
@STRING{ aips = "Ann. Israel Phys. Soc."}
@STRING{ ahp = "Ann. Henri Poincar\'e"}
@STRING{ am = "Ann. Math."}
@STRING{ apa = "Appl. Phys. A" }
@STRING{ aphy = "Ann. Phys. (N. Y.)" }
@STRING{ apb = "Appl. Phys. B"}
@STRING{ apk = {Ann. Phys. (Leipzig)}}
@STRING{ apl = "Appl. Phys. Lett." }
@STRING{ app = {Ann. Phys. (Paris)}}
@STRING{ appa = {Acta Phys. Pol. A}}
@STRING{ appb = {Acta Phys. Pol.  B}}
@STRING{ arx = {arXiv:}}
@STRING{ aw = {Addison-Wesley}}
@STRING{ baps = {Bull. Am. Phys. Soc.}}
@STRING{ carb = {Carbon}}
@STRING{ chemrev = {Chem. Rev.}}
@STRING{ chp = {Chem. Phys.}}
@STRING{ chpl = {Chem. Phys. Lett.}}
@STRING{ cjp = {Can. J. Phys.} }
@STRING{ coma = "Commun. Math. Phys."}
@STRING{ comp = "Commun. Theor. Phys."}
@STRING{ cras = {C. R. Acad. Sci.}}
@STRING{ crasb = {C. R. Acad. Sci. Ser. B}}
@STRING{ cup = {Cambridge University Press}}
@STRING{ czjp = {Czech. J. Phys.}}
@STRING{ dov = {Dover}}
@STRING{ epjb = "Eur. Phys. J. B" }
@STRING{ epjd = "Eur. Phys. J. D" }
@STRING{ epje = "Eur. Phys. J. E" }
@STRING{ epl = "Europhys. Lett." }
@STRING{ fiz = {Fizika (Zagreb)}}
@STRING{ fnt = {Fiz. Nizk. Temp.}}
@STRING{ hpa = {Helv. Phys. Acta}}
@STRING{ ijmpa = {Int. J. Mod. Phys. A}}
@STRING{ ijmpb = "Int. J. Mod. Phys. B" }
@STRING{ ijmpc = "Int. J. Mod. Phys. C"}
@STRING{ imoda = "Int. Review of Modern Physics A" }
@STRING{ imodb = "Int. J. Mod. Phys. B" }
@STRING{ imodb = "Int. Review of Modern Physics B" }
@STRING{ imph = "Images de la Physique" }
@STRING{ jap = "J. Appl. Phys." }
@STRING{ jcm = {J. Phys.: Condens. Matter}}
@STRING{ jcp = {J. Chem. Phys.}}
@STRING{ jdp = "J. Phys. (Paris)" }
@STRING{ jdpi = "J. Phys. I (France)" }
@STRING{ jdpiv = "J. de Phys. IV" }
@STRING{ jdpiv = "J. Phys. IV" }
@STRING{ jdpl = "J. de Phys. (Paris) Lett." }
@STRING{ jetl = "JETP Lett." }
@STRING{ jetp = "Sov. Phys. JETP"}
@STRING{ jlow = "J. Low Temp. Phys" }
@STRING{ jmat = "J. Math. Phys." }
@STRING{ jmmm = "J. Mag. Mag. Mat." }
@STRING{ job = "J. Opt. B: Quantum Semiclass. Opt." }
@STRING{ jpa = "J. Phys. A: Math. Gen." }
@STRING{ jpb = "J. Phys. B" }
@STRING{ jpc = "J. Phys. C: Solid State Phys." }
@STRING{ jpcm = "J. Phys.: Condens. Matter" }
@STRING{ jpcs = "J. Phys. Chem. Solids" }
@STRING{ jpf = "J. Phys. F"}
@STRING{ jpch = "J. Phys. Chem."}
@STRING{ jpcha = "J. Phys. Chem. A"}
@STRING{ jpchb = "J. Phys. Chem. B"}
@STRING{ jpn = "J. Phys. Soc. Jpn."}
@STRING{ jpns = "J. Phys. Soc. Jpn. Suppl."}
@STRING{ jsm = "J. Stat. Mech.: Theor. Exp."}
@STRING{ jsp = "J. Stat. Phys." }
@STRING{ jssc = "J. of Solid State Chem." }
@STRING{ jws = "Wiley"}
@STRING{ mathann = "Math. Ann." }
@STRING{ mclc = "Mol. Cryst. Liq. Cryst."}
@STRING{ nat = "Nature (London)" }
@STRING{ natp = "Nature Physics" }
@STRING{ njp = "New J. Phys." }
@STRING{ nl = "Nano Letters" }
@STRING{ npb = "Nucl. Phys. B" }
@STRING{ npb = "Nucl. Phys. B" }
@STRING{ oup = "Oxford University Press"}
@STRING{ perg = "Pergamon Press"}
@STRING{ perg = "Pergamon"}
@STRING{ phimb = "Phil. Mag. B" }
@STRING{ phys = "Physica (Utrecht)" }
@STRING{ physa = "Physica A" }
@STRING{ physb = "Physica B" }
@STRING{ physbc = "Physica B \& C" }
@STRING{ physc = "Physica C" }
@STRING{ physd = "Physica D" }
@STRING{ pl = "Phys. Lett."}
@STRING{ pla = "Phys. Lett. A"}
@STRING{ plb = "Phys. Lett. B"}
@STRING{ pls = "Pour la Science"}
@STRING{ ppsl = "Proc. Phys. Soc. London"}
@STRING{ ppsa = "Proc. Phys. Soc. A"}
@STRING{ pr = "Phys. Rev." }
@STRING{ pra = "Phys. Rev. A" }
@STRING{ prb = "Phys. Rev. B" }
@STRING{ prd = "Phys. Rev. D" }
@STRING{ pre = "Phys. Rev. E" }
@STRING{ prep = "Phys. Rep." }
@STRING{ prl = "Phys. Rev. Lett." }
@STRING{ prog = "Prog. Theor. Phys." }
@STRING{ progs = "Prog. Theor. Phys. Supp."}
@STRING{ pnas = "Proc. Natl. Acad. Sci. USA"}
@STRING{ prs = "Proc. Roy. Soc." }
@STRING{ prsa = "Proc. Roy. Soc. A" }
@STRING{ pssb = "Phys. Status Solidi B"}
@STRING{ ptd = "Physics Today" }
@STRING{ repro = "Rep. Prog. Phys." }
@STRING{ rmp = "Rev. Mod. Phys." }
@STRING{ sci = "Science" }
@STRING{ scom = "Solid State Commun." }
@STRING{ sjltp = "Sov. J. Low Temp. Phys."}
@STRING{ smet = "Synth. Metal" }
@STRING{ sodokl = "Sov. Phys. Dokl."}
@STRING{ sovsci = "Sov. Sci. Rev. A. Phys"}
@STRING{ sprg = {Springer}}
@STRING{ statsolb = "Phys. Status Solidi B"}
@STRING{ synmet = {Synth. Met.}}
@STRING{ tfsoc = {Trans. Faraday Soc.}}
@STRING{ tmp = {Theor. Math. Phys. }}
@STRING{ usp = "Usp. Fiz. Nauk"}
@STRING{ usp = "Usp. Fiz. Nauk"}
@STRING{ yfiz= "Yad. Fiz."}
@STRING{ zetf = {Zh. {\'E}ksp. Teor. Fiz.}}
@STRING{ zpb = "Z. Phys. B" }
@STRING{ zpb = "Z. Phys. B" }
@STRING{ zphys = "Z. Phys." }
@STRING{ zphys = "Z. Phys." }


@ARTICLE{ashkin_teller_43,
  author = {J. Ashkin and E. Teller},
  title = {Statistics of Two-Dimensional Lattices with four components},
  year = 1943,
  journal = pr,
  volume = 64,
  pages = 178
}
@BOOK{baxter_book,
  author = {R.J. Baxter},
  year = 1982,
  title = {Exactly Solved Models in Statistical Mechanics},
  publisher = {Academic Press},
}
@ARTICLE{at_biol_ref,
  author = {Z. Chang, P. Wang and Y.H. Zheng},
  title = {Ashkin-Teller formalism for elastic response of DNA molecule to external force and torque},
  year = 2008,
  journal = comp,
  volume = 49,
  pages = 525
}
@ARTICLE{at_supercond_ref,
  author = {Vivek Aji and C.M. Varma},
  title = {Theory of the Quantum Critical Fluctuations in Cuprate Superconductors},
  year = 2007,
  journal = prl,
  volume = 99,
  pages = 067003
}
@BOOK{binder_book,
  author = {D.P. Landau and K. Binder},
  year = 2009,
  title = {A guide to Monte-Carlo simulations in statistical physics},
  publisher = {Cambridge University Press},
}
@BOOK{binder_book2,
  author = {K. Binder and D.W. Heermann},
  year = 2010,
  title = {Monte-Carlo simulations in statistical physics, an introduction},
  publisher = {Springer},
}
@ARTICLE{metropolis,
  author = {N. Metropolis, A.W. Rosenbluth, M.N. Rosenbluth, A.H. Teller, and E. Teller},
  title = {Equations of State Calculations by Fast Computing Machines},
  year = 1953,
  journal = jcp,
  volume = 21,
  pages = 1087-1092
}
@Article{exp_ultrathin_magfilms,
  title = {Observation of mixed anisotropy in the critical susceptibility of an ultrathin magnetic film},
  author = {K. Fritsch, R. D’Ortenzio and D. Venus},
  journal = arx,
  volume = {1010.0657},
  pages = {0},
  year = {2010}
}
@Article{model_8V,
  title = {Eight-Vertex Model in Lattice Statistics},
  author = {R. Baxter},
  journal = prl,
  volume = {26},
  pages = {832-833},
  year = {1971}
}
@Article{AT_naon,
  title = {Critical behavior of the spin correlation function in the Ashkin-Teller and Baxter models with a line defect},
  author = {Carlos Naón},
  journal = pre,
  volume = {79},
  pages = {051112},
  year = {2009}
}
@Article{AT_lajko,
  title = {Numerical study of the critical behavior of the Ashkin-Teller model at a line defect},
  author = {P. Lajkó and F. Iglói},
  journal = jsm,
  volume = {2011},
  pages = {P05025},
  year = {2011}
}
@Article{AT_fan1972b,
  title = {On critical properties of the Ashkin-Teller model},
  author = {C. Fan},
  journal = pl,
  volume = {39A},
  pages = {136-6},
  year = {1972}
}
@Article{AT_fan1972a,
  title = {Symmetry properties of the Ashkin-Teller model and the Eight-Vertex model},
  author = {C. Fan},
  journal = prb,
  volume = {B6},
  pages = {902-10},
  year = {1972}
}
@Article{AT_wegner,
  title = {Duality relation between the Ashkin-Teller and the eight-vertex model},
  author = {F.J. Wegner},
  journal = jpc,
  volume = {5},
  pages = {L131},
  year = {1972}
}
@Article{AT8V_kadanoff_1979),
  title = {Correlation functions on the critical lines of the Baxter and Ashkin-Teller models},
  author = {J.P. Kadanoff},
  journal = aphy,
  volume = {121},
  pages = {318-342},
  year = {1979}
}
@Article{AT8V_kadanoff_1977,
  title = {Connections between the Critical Behavior of the Planar Model and That of the Eight-Vertex Model},
  author = {J.P. Kadanoff},
  journal = prl,
  volume = {39},
  pages = {903-905},
  year = {1977}
}
@Article{AT_3D_phdiag,
  title = {Phase diagram for the Ashkin-Teller model in three dimensions},
  author = {R.V. Ditzian, J.R. Banavar, G.S. Grest and L.P. Kadanoff},
  journal = prb,
  volume = {22},
  pages = {2542-53},
  year = {1980}
}
@Article{AT_bariev_line,
  title = {Influence of Linear Defects on the Local Magnetization of a Plane Ising Lattice},
  author = {R.Z. Bariev},
  journal = zetf,
  volume = {77},
  pages = {1217-1229},
  year = {1979}
}
@Article{inhomog_sys,
  title = {Inhomogeneous systems with unusual critical behaviour},
  author = {F. Iglói, I. Peschel and L. Turban},
  journal = adp,
  volume = {42},
  pages = {683-740},
  year = {1993}
}
@Article{linear_defects2D,
  title = {Linear defects in two dimensional systems: a finite-size investigation},
  author = {M.P. Nightingale and H.W.J. Blöte},
  journal = jpa,
  volume = {15},
  pages = {L33-L38},
  year = {1982}
}
@Article{interf,
  title = {Critical behavior at the interface between two systems belonging to different universality classes},
  author = {F.Á. Bagaméry, L. Turban and F. Iglói},
  journal = prb,
  volume = {73},
  pages = {144419},
  year = {2006}
}
@Article{interf_AT,
  title = {Scaling properties at the interface between different critical subsystems: The Ashkin-Teller model},
  author = {P. Lajkó, L. Turban and F. Iglói},
  journal = prb,
  volume = {76},
  pages = {224423},
  year = {2007}
}
@BOOK{cardy_book,
  author = {C. Domb and J. Lebowitz},
  year = 1987,
  title = {Phase transitions and critical phenomena},
  publisher = {Academic Press},
}
@Article{fisher_scaling,
  title = {Scaling Theory for Finite-Size Effects in the Critical Region},
  author = {Michael E. Fisher and Michael N. Barber},
  journal = prl,
  volume = {28},
  pages = {1516-1519},
  year = {1972}
}
@Article{,
  title = {},
  author = {},
  journal = ,
  volume = {},
  pages = {},
  year = {}
}
